% Encoding: UTF-8

@Article{Arora2019a,
  author    = {Kishor Bharti and Arvind},
  title     = {Revisiting the admissibility of non-contextual hidden variable models in quantum mechanics},
  journal   = {Physics Letters A},
  year      = {2019},
  volume    = {383},
  number    = {9},
  pages     = {833--837},
  month     = {feb},
  doi       = {10.1016/j.physleta.2018.11.049},
  publisher = {Elsevier {BV}},
}

@Article{Arora2015,
  author    = {Ali Asadian},
  title     = {Proposal for a macroscopic test of local realism with phase-space measurements},
  journal   = {Physical Review A},
  year      = {2015},
  volume    = {92},
  number    = {6},
  month     = {dec},
  doi       = {10.1103/physreva.92.062107},
  publisher = {American Physical Society ({APS})},
}

@Comment{jabref-meta: databaseType:bibtex;}
