% Encoding: UTF-8

@Article{bharti_uniqueness_2020,
  title = {Uniqueness of All Fundamental Noncontextuality Inequalities},
  author = {Bharti, Kishor and Arora, Atul Singh and Kwek, Leong Chuan and Roland, J{\'{e}}r{\'{e}}mie},
  date = {2020-07}, %-02},
  journaltitle = {Physical Review Research},
  shortjournal = {Phys. Rev. Research},
  volume = {2},
  number = {3},
  pages = {033010},
  issn = {2643-1564},
  doi = {10.1103/PhysRevResearch.2.033010},
  % url = {https://link.aps.org/doi/10.1103/PhysRevResearch.2.033010},
  urldate = {2022-06-08},
  langid = {english},  
}

@Article{Arora2019a,
  author    = {Arora, Atul Singh and Kishor Bharti and Arvind},
  title     = {Revisiting the admissibility of non-contextual hidden variable models in quantum mechanics},
  journal   = {Physics Letters A},
  year      = {2019},
  volume    = {383},
  number    = {9},
  pages     = {833--837},
  month     = {feb},
  doi       = {10.1016/j.physleta.2018.11.049},
  publisher = {Elsevier {BV}},
}

@Article{Arora2015,
  author    = {Arora, Atul Singh and Asadian, Ali},
  title     = {Proposal for a macroscopic test of local realism with phase-space measurements},
  journal   = {Physical Review A},
  year      = {2015},
  volume    = {92},
  number    = {6},
  month     = {dec},
  doi       = {10.1103/physreva.92.062107},
  publisher = {American Physical Society ({APS})},
}




@Comment{jabref-meta: databaseType:bibtex;}
