% Encoding: UTF-8

@InProceedings{Arora2019,
  author    = {J{\'{e}}r{\'{e}}mie Roland and Stephan Weis},
  title     = {Quantum weak coin flipping},
  booktitle = {Proceedings of the 51st Annual {ACM} {SIGACT} Symposium on Theory of Computing - {STOC} 2019},
  year      = {2019},
  publisher = {{ACM} Press},
  doi       = {10.1145/3313276.3316306},
}

@Comment{jabref-meta: databaseType:bibtex;}
