% Encoding: UTF-8

@Article{arora_DI_2022,
  title= {Improving the security of device-independent weak coin flipping protocols},
  author = {Arora, Atul Singh and Sikora, Jamie and Van Himbeeck, Thomas},
  url = {https://www.overleaf.com/read/jhwnvgbntqkd},
  number = {Preparation},
  year = {2022},
  month = {Nov},
  day = {},
}

@Article{arora_solutions_2022,
  title = {Solutions to Quantum Weak Coin Flipping},
  author = {Arora, Atul Singh and Roland, J{\'{e}}r{\'{e}}mie and Vlachou, Chrysoula and Weis, Stephan},
  date = {2022-08-29},
  number = {Cryptology ePrint Archive, Paper 2022/1101},
  howpublished = {Cryptology ePrint Archive, Paper 2022/1101},
  % eprinttype = {iacr},
  url = {https://eprint.iacr.org/2022/1101},
  keywords = {quantum coin flipping,secure two-party computation},
}


@Article{hu_self-testing_2022,
  title = {Self-{{Testing}} of a {{Single Quantum System}}: {{Theory}} and {{Experiment}}},
  shorttitle = {Self-{{Testing}} of a {{Single Quantum System}}},
  author = {Hu, Xiao-Min and Xie, Yi and Arora, Atul Singh and Ai, Ming-Zhong and Bharti, Kishor and Zhang, Jie and Wu, Wei and Chen, Ping-Xing and Cui, Jin-Ming and Liu, Bi-Heng and Huang, Yun-Feng and Li, Chuan-Feng and Guo, Guang-Can and Roland, J{\'{e}}r{\'{e}} and Cabello, Ad{\'{รก}}n and Kwek, Leong-Chuan},
  date = {2022-03-16},
  number = {arXiv:2203.09003},
  % eprint = {2203.09003},
  eprinttype = {arxiv},
  primaryclass = {physics, physics:quant-ph},
  publisher = {{arXiv}},
  doi = {10.48550/arXiv.2203.09003},
  %url = {http://arxiv.org/abs/2203.09003},  
  archiveprefix = {arXiv},
  keywords = {Physics - Atomic Physics,Quantum Physics},
}



@Article{arora_quantum_2022,
  title = {Quantum {{Depth}} in the {{Random Oracle Model}}},
  author = {Arora, Atul Singh and Coladangelo, Andrea and Coudron, Matthew and Gheorghiu, Alexandru and Singh, Uttam and Waldner, Hendrik},
  date = {2022-10-12},
  number = {arXiv:2210.06454},
  % eprint = {2210.06454},
  eprinttype = {arxiv},
  primaryclass = {quant-ph},
  publisher = {{arXiv}},
  doi = {10.48550/arXiv.2210.06454},
  % url = {http://arxiv.org/abs/2210.06454},
  archiveprefix = {arXiv},
  keywords = {Computer Science - Computational Complexity,Computer Science - Cryptography and Security,Quantum Physics},

}


@Article{arora_oracle_2022,
  title = {Oracle Separations of Hybrid Quantum-Classical Circuits},
  author = {Arora, Atul Singh and Gheorghiu, Alexandru and Singh, Uttam},
  date = {2022-01-05},
  number = {arXiv:2201.01904},
  % eprint = {2201.01904},
  eprinttype = {arxiv},
  primaryclass = {quant-ph},
  publisher = {{arXiv}},
  doi = {10.48550/arXiv.2201.01904},
  % url = {http://arxiv.org/abs/2201.01904},
  archiveprefix = {arXiv},
  keywords = {Computer Science - Computational Complexity,Quantum Physics},
}



@Comment{jabref-meta: databaseType:bibtex;}
