% Encoding: UTF-8

@inproceedings{arora_analytic_2021,
  title = {Analytic Quantum Weak Coin Flipping Protocols with Arbitrarily Small Bias},
  booktitle = {Proceedings of the {{Thirty-Second Annual ACM-SIAM Symposium}} on {{Discrete Algorithms}}},
  author = {Arora, Atul Singh and Roland, J{\'{e}}r{\'{e}}mie and Vlachou, Chrysoula},
  date = {2021-03}, %-21},
  series = {{{SODA}} '21},
  pages = {919--938},
  publisher = {{Society for Industrial and Applied Mathematics}},
  location = {{USA}},
  isbn = {978-1-61197-646-5},
}

@InProceedings{Arora2019,
  author    = {Arora, Atul Singh and J{\'{e}}r{\'{e}}mie Roland and Stephan Weis},
  title     = {Quantum weak coin flipping},
  booktitle = {Proceedings of the 51st Annual {ACM} {SIGACT} Symposium on Theory of Computing - {STOC} 2019},
  date      = {2019-06},
  publisher = {{ACM} Press},
  doi       = {10.1145/3313276.3316306},
}

@Comment{jabref-meta: databaseType:bibtex;}
